% This file was created with JabRef 2.9.2.
% Encoding: UTF-8

@MISC{Google13-01,
  author = {Google},
  title = {Karma - Configuration File},
  year = {2013},
  note = {[Online; Stand 07. Dezember 2013]},
  owner = {pb},
  timestamp = {2013.12.07},
  url = {http://karma-runner.github.io/0.10/config/configuration-file.html}
}

@MISC{Hidayat13,
  author = {Ariya Hidayat},
  title = {Quick Start | PhantomJS},
  year = {2013},
  note = {[Online; Stand 07. Dezember 2013]},
  owner = {pb},
  timestamp = {2013.12.07},
  url = {http://phantomjs.org/quick-start.html}
}

@MISC{Yahoo13,
  author = {Yahoo},
  title = {Test - YUI Library},
  year = {2013},
  note = {[Online; Stand 07. Dezember 2013]},
  owner = {pb},
  timestamp = {2013.12.07},
  url = {http://yuilibrary.com/yui/docs/test/}
}

@BOOK{Johansen10,
  title = {Test Driven JavaScript Development},
  publisher = {Addison-Wesley Professional},
  year = {2010},
  author = {Christian Johansen},
  owner = {pb},
  timestamp = {2013.12.07}
}

@MASTERSTHESIS{Kleivane11,
  author = {Tine Flåten Kleivane},
  title = {Unit Testing with TDD in JavaScript},
  school = {Norwegian University of Science and Technology},
  year = {2011},
  owner = {pb},
  timestamp = {2013.12.07}
}

@BOOK{Koch01,
  title = {JavaScript. Einführung - Programmierung - Referenz},
  publisher = {Dpunkt Verlag},
  year = {2001},
  author = {Stefan Koch},
  owner = {pb},
  timestamp = {2013.12.07}
}

@MISC{Pivotal13,
  author = {Pivotal-Labs},
  title = {Jasmine},
  year = {2013},
  note = {[Online; Stand 07. Dezember 2013]},
  owner = {pb},
  timestamp = {2013.12.07},
  url = {http://pivotal.github.io/jasmine/}
}

@MISC{Nguyen13,
  author = {Lauren Nguyen},
  title = {Sauce Labs Adds Expanded JavaScript Unit Testing Capabilities to
	its Cloud Testing Platform},
  month = {September},
  year = {2013},
  note = {[Online; Stand 14. November 2013]},
  owner = {pb},
  timestamp = {2013.12.07},
  url = {http://sauceio.com/index.php/2013/09/sauce-labs-adds/}
}

@MISC{Selenium13,
  author = {Selenium-Project},
  title = {Selenium Webdriver},
  year = {2013},
  note = {[Online; Stand 07. Dezember 2013]},
  owner = {pb},
  timestamp = {2013.12.07},
  url = {http://www.seleniumhq.org/docs/03_webdriver.jsp}
}

@BOOK{Trostler13,
  title = {Testable JavaScript},
  publisher = {O'Reilly Media},
  year = {2013},
  author = {Mark Ethan Trostler},
  owner = {pb},
  timestamp = {2013.12.07}
}

@MISC{Wiki13-01,
  author = {Wikipedia},
  title = {Modultest},
  year = {2013},
  note = {[Online; Stand 07. Dezember 2013]},
  owner = {pb},
  timestamp = {2013.12.07},
  url = {http://de.wikipedia.org/wiki/Modultest}
}

@MISC{Wiki13-02,
  author = {Wikipedia},
  title = {JavaScript},
  year = {2013},
  note = {[Online; Stand 07. Dezember 2013]},
  owner = {pb},
  timestamp = {2013.12.07},
  url = {http://de.wikipedia.org/wiki/JavaScript}
}

@MISC{Wiki13-03,
  author = {Wikipedia},
  title = {Integrationstest},
  year = {2013},
  note = {[Online; Stand 07. Dezember 2013]},
  owner = {pb},
  timestamp = {2013.12.07},
  url = {http://de.wikipedia.org/wiki/Integrationstest}
}

@MISC{Wiki13-04,
  author = {Wikipedia},
  title = {Softwaretest},
  year = {2013},
  note = {[Online; Stand 07. Dezember 2013]},
  owner = {pb},
  timestamp = {2013.12.07},
  url = {http://de.wikipedia.org/wiki/Softwaretest}
}

@MISC{Wiki13-05,
  author = {Wikipedia},
  title = {Testgetriebene Entwicklung},
  year = {2013},
  note = {[Online; Stand 07. Dezember 2013]},
  owner = {pb},
  timestamp = {2013.12.07},
  url = {http://de.wikipedia.org/wiki/Testgetriebene_Entwicklung}
}

@MISC{Wiki13-06,
  author = {Wikipedia},
  title = {Kontinuierliche Integration},
  year = {2013},
  note = {[Online; Stand 07. Dezember 2013]},
  owner = {pb},
  timestamp = {2013.12.07},
  url = {http://de.wikipedia.org/wiki/Kontinuierliche_Integration}
}

@MISC{Ebay11,
  author = {eBay},
  title = {Announcing ql.io},
  year = {2011},
  note = {[Online; Stand 07. Dezember 2013]},
  owner = {pb},
  timestamp = {2013.12.07},
  url = {http://www.ebaytechblog.com/2011/11/30/announcing-ql-io/}
}

@MISC{Google13-02,
  author = {Google},
  title = {Closure Tools},
  year = {13},
  note = {[Online; Stand 07. Dezember 2013]},
  owner = {pb},
  timestamp = {2013.12.07},
  url = {https://developers.google.com/closure/library/}
}

@MISC{Ihlenfeld13,
  author = {Jens Ihlenfeld},
  title = {Aves Engine - Javascript-Engine für Browserspiele},
  year = {2010},
  note = {[Online; Stand 07. Dezember 2013]},
  owner = {pb},
  timestamp = {2013.12.07},
  url = {http://www.golem.de/1004/74719.html}
}
